@Article{harris2018,
  Author = {Harris, David J. and Taylor, Shawn D. and White, Ethan P.},
  Journal = {PeerJ},
  Month = {feb},
  Pages = {e4278},
  Title = {Forecasting biodiversity in breeding birds using best practices},
  Volume = {6},
  Year = {2018},
  Doi = {10.7717/peerj.4278},
  Issn = {2167-8359}
}


@Article{dietze2017,
  Author = {Dietze, Michael C.},
  Journal = {Ecological Applications},
  Month = {oct},
  Number = {7},
  Pages = {2048--2060},
  Title = {Prediction in ecology: a first-principles framework},
  Volume = {27},
  Year = {2017},
  Doi = {10.1002/eap.1589},
  Issn = {10510761},
  Keywords = {ecological forecasting,endogenous,exogenous,net ecosystem exchange,parameter,process error,random effects,scale,stability,uncertainty}
}


@Article{zhu2002,
  Author = {Zhu, Yuejian and Toth, Zoltan and Wobus, Richard and Richardson, David and Mylne, Kenneth},
  Journal = {Bulletin of the American Meteorological Society},
  Month = {jan},
  Number = {1},
  Pages = {73--83},
  Title = {The Economic Value Of Ensemble-Based Weather Forecasts},
  Volume = {83},
  Year = {2002},
  Doi = {10.1175/1520-0477(2002)083<0073:TEVOEB>2.3.CO;2},
  Issn = {0003-0007},
  Isbn = {0003-0007}
}


@Article{joslyn2010,
  Author = {Joslyn, Susan and Savelli, Sonia},
  Journal = {Meteorological Applications},
  Month = {apr},
  Number = {2},
  Pages = {180--195},
  Title = {Communicating forecast uncertainty: public perception of weather forecast uncertainty},
  Volume = {17},
  Year = {2010},
  Doi = {10.1002/met.190},
  Issn = {13504827}
}


@Article{teutschbein2012,
  Author = {Teutschbein, Claudia and Seibert, Jan},
  Journal = {Journal of Hydrology},
  Month = {aug},
  Pages = {12--29},
  Title = {Bias correction of regional climate model simulations for hydrological climate-change impact studies: Review and evaluation of different methods},
  Volume = {456-457},
  Year = {2012},
  Doi = {10.1016/j.jhydrol.2012.05.052},
  Issn = {00221694},
  Keywords = {Teutschbein}
}


@Article{ines2006,
  Author = {Ines, Amor V.M. and Hansen, James W.},
  Journal = {Agricultural and Forest Meteorology},
  Month = {aug},
  Number = {1-4},
  Pages = {44--53},
  Title = {Bias correction of daily GCM rainfall for crop simulation studies},
  Volume = {138},
  Year = {2006},
  Doi = {10.1016/j.agrformet.2006.03.009},
  Issn = {01681923}
}


@Article{clark2001,
  Author = {Clark, James S.},
  Journal = {Science},
  Month = {jul},
  Number = {5530},
  Pages = {657--660},
  Title = {Ecological Forecasts: An Emerging Imperative},
  Volume = {293},
  Year = {2001},
  Doi = {10.1126/science.293.5530.657},
  Issn = {0036-8075},
  Keywords = {Agriculture,Animals,Decision Making,Disease Outbreaks,Ecology,Ecosystem,Epidemiology,Forecasting,Humans,Policy Making,Population Growth,Stochastic Processes},
  Isbn = {0036-8075},
  Pmid = {11474103}
}


@Article{diez2012,
  Author = {Diez, Jeffrey M. and Ib{\'{a}}{\~{n}}ez, In{\'{e}}s and Miller-Rushing, Abraham J. and Mazer, Susan J. and Crimmins, Theresa M. and Crimmins, Michael A. and Bertelsen, C. David and Inouye, David W.},
  Journal = {Ecology Letters},
  Month = {jun},
  Number = {6},
  Pages = {545--553},
  Title = {Forecasting phenology: from species variability to community patterns},
  Volume = {15},
  Year = {2012},
  Doi = {10.1111/j.1461-0248.2012.01765.x},
  Issn = {1461023X}
}


@Misc{prismdata,
  Author = {{PRISM Climate Group}},
  Publisher = {Oregon State University},
  Title = {Oregon State University},
  Year = {2004},
  Url = {http://prism.oregonsate.edu}
}


@Article{perretti2013,
  Author = {Perretti, Charles T and Munch, Stephan B and Sugihara, George},
  Journal = {Proceedings of the National Academy of Sciences},
  Number = {13},
  Pages = {5253--5257},
  Title = {Model-free forecasting outperforms the correct mechanistic model for simulated and experimental data},
  Volume = {110},
  Year = {2013},
  Doi = {10.1073/pnas.1216076110},
  Issn = {0027-8424, 1091-6490},
  Isbn = {1091-6490},
  Pmid = {23440207}
}


@Article{saha2014,
  Author = {Saha, Suranjana and Moorthi, Shrinivas and Wu, Xingren and Wang, Jiande and Nadiga, Sudhir and Tripp, Patrick and Behringer, David and Hou, Yu-Tai and Chuang, Hui-ya and Iredell, Mark and Ek, Michael and Meng, Jesse and Yang, Rongqian and Mendez, Malaqu{\'{i}}as Pe{\~{n}}a and van den Dool, Huug and Zhang, Qin and Wang, Wanqiu and Chen, Mingyue and Becker, Emily},
  Journal = {Journal of Climate},
  Month = {mar},
  Number = {6},
  Pages = {2185--2208},
  Title = {The NCEP Climate Forecast System Version 2},
  Volume = {27},
  Year = {2014},
  Doi = {10.1175/JCLI-D-12-00823.1},
  Issn = {0894-8755}
}


@Article{Keenan2013,
  Author = {Keenan, Trevor F. and Davidson, Eric A. and Munger, J. William and Richardson, Andrew D.},
  Journal = {Ecological Applications},
  Number = {1},
  Pages = {273--286},
  Title = {Rate my data: Quantifying the value of ecological data for the development of models of the terrestrial carbon cycle},
  Volume = {23},
  Year = {2013},
  Doi = {10.1890/12-0747.1},
  Issn = {10510761},
  Keywords = {Biosphere-atmosphere interaction,Carbon fluxes,Carbon sequestration,Climate change research,Data assimilation,Harvard Forest, Massachusetts, USA,Process-based models}
}


@Article{hallett2004,
  Author = {Hallett, T B and Coulson, T and Pilkington, J G and Clutton-Brock, T H and Pemberton, J M and Grenfell, B T},
  Journal = {Nature},
  Month = {jul},
  Number = {6995},
  Pages = {71--75},
  Title = {Why large-scale climate indices seem to predict ecological processes better than local weather},
  Volume = {430},
  Year = {2004},
  Doi = {10.1038/nature02708},
  Issn = {0028-0836},
  Isbn = {0028-0836},
  Pmid = {15229599}
}

@article{piao2019,
author = {Piao, Shilong and Liu, Qiang and Chen, Anping and Janssens, Ivan A and Fu, Yongshuo and Dai, Junhu and Liu, Lingli and Lian, Xu and Shen, Miaogen and Zhu, Xiaolin},
doi = {10.1111/gcb.14619},
issn = {1354-1013},
journal = {Global Change Biology},
month = {jun},
number = {6},
pages = {1922--1940},
title = {{Plant phenology and global climate change: Current progresses and challenges}},
url = {https://onlinelibrary.wiley.com/doi/abs/10.1111/gcb.14619},
volume = {25},
year = {2019}
}

@Article{savelli2013,
  Author = {Savelli, Sonia and Joslyn, Susan},
  Journal = {Applied Cognitive Psychology},
  Month = {jul},
  Number = {4},
  Pages = {527--541},
  Title = {The Advantages of Predictive Interval Forecasts for Non-Expert Users and the Impact of Visualizations},
  Volume = {27},
  Year = {2013},
  Doi = {10.1002/acp.2932},
  Issn = {08884080}
}


@Article{sala2012,
  Author = {Sala, O. E. and Gherardi, L. A. and Reichmann, L. and Jobbagy, E. and Peters, D.},
  Journal = {Philosophical Transactions of the Royal Society B: Biological Sciences},
  Month = {nov},
  Number = {1606},
  Pages = {3135--3144},
  Title = {Legacies of precipitation fluctuations on primary production: theory and data synthesis},
  Volume = {367},
  Year = {2012},
  Doi = {10.1098/rstb.2011.0347},
  Issn = {0962-8436}
}


@Article{Chmura2018,
  Author = {Chmura, Helen E. and Kharouba, Heather M. and Ashander, Jaime and Ehlman, Sean M. and Rivest, Emily B. and Yang, Louie H.},
  Journal = {Ecological Monographs},
  Month = {oct},
  Title = {The mechanisms of phenology: the patterns and processes of phenological shifts},
  Year = {2018},
  Doi = {10.1002/ecm.1337},
  Issn = {00129615}
}

@article{white2019,
author = {White, Ethan P. and Yenni, Glenda M. and Taylor, Shawn D. and Christensen, Erica M. and Bledsoe, Ellen K. and Simonis, Juniper L. and Ernest, S. K. Morgan},
doi = {10.1111/2041-210X.13104},
editor = {Lopez-Sepulcre, Andres},
issn = {2041210X},
journal = {Methods in Ecology and Evolution},
month = {mar},
number = {3},
pages = {332--344},
title = {{Developing an automated iterative near-term forecasting system for an ecological study}},
url = {http://doi.wiley.com/10.1111/2041-210X.13104},
volume = {10},
year = {2019}
}

@Article{migliavacca2012,
  Author = {Migliavacca, M. and Sonnentag, O. and Keenan, T. F. and Cescatti, A. and O'Keefe, J. and Richardson, A. D.},
  Journal = {Biogeosciences},
  Month = {jun},
  Number = {6},
  Pages = {2063--2083},
  Title = {On the uncertainty of phenological responses to climate change, and implications for a terrestrial biosphere model},
  Volume = {9},
  Year = {2012},
  Doi = {10.5194/bg-9-2063-2012},
  Issn = {1726-4189},
  Isbn = {1726-4170}
}


@Article{thomas2020,
  Author = {Thomas, R Quinn and Figueiredo, Renato J and Daneshmand, Vahid and Bookout, Bethany J and Puckett, Laura K and Carey, Cayelan C},
  Journal = {bioRxiv},
  Publisher = {Cold Spring Harbor Laboratory},
  Title = {A near-term iterative forecasting system successfully predicts reservoir hydrodynamics and partitions uncertainty in real time},
  Year = {2020}
}


@Article{ward2014,
  Author = {Ward, Eric J. and Holmes, Eli E. and Thorson, James T. and Collen, Ben},
  Journal = {Oikos},
  Month = {jun},
  Number = {6},
  Pages = {652--661},
  Title = {Complexity is costly: a meta-analysis of parametric and non-parametric methods for short-term population forecasting},
  Volume = {123},
  Year = {2014},
  Doi = {10.1111/j.1600-0706.2014.00916.x},
  Issn = {00301299},
  Isbn = {1600-0706}
}


@Article{welch2019,
  Author = {Welch, Heather and Hazen, Elliott L. and Bograd, Steven J. and Jacox, Michael G. and Brodie, Stephanie and Robinson, Dale and Scales, Kylie L. and Dewitt, Lynn and Lewison, Rebecca},
  Editor = {Smith, Annabel},
  Journal = {Journal of Applied Ecology},
  Month = {feb},
  Number = {2},
  Pages = {459--469},
  Title = {Practical considerations for operationalizing dynamic management tools},
  Volume = {56},
  Year = {2019},
  Doi = {10.1111/1365-2664.13281},
  Issn = {00218901}
}


@Article{pearlstine2020,
  Author = {Pearlstine, Leonard G. and Beerens, James M. and Reynolds, Gregg and Haider, Saira M. and McKelvy, Mark and Suir, Kevin and Roma{\~{n}}ach, Stephanie S. and Nestler, Jennifer H.},
  Journal = {Environmental Modelling and Software},
  Month = {jun},
  Pages = {104783},
  Title = {Near-term spatial hydrologic forecasting in Everglades, USA for landscape planning and ecological forecasting},
  Year = {2020},
  Doi = {10.1016/j.envsoft.2020.104783},
  Issn = {13648152}
}


@Book{jolliffe2003,
  Editor = {Jolliffe, Ian T. and Stephenson, David B.},
  Publisher = {John Wiley and Sons, Ltd},
  Title = {Forecast verification: a practitioner's guide in atmospheric science},
  Year = {2003},
  Url = {http://linkinghub.elsevier.com/retrieve/pii/S0169207005001214},
  Isbn = {0-471-49759-2 (alk.}
}


@Article{ogle2015,
  Author = {Ogle, Kiona and Barber, Jarrett J. and Barron-Gafford, Greg a. and Bentley, Lisa Patrick and Young, Jessica M. and Huxman, Travis E. and Loik, Michael E. and Tissue, David T.},
  Journal = {Ecology Letters},
  Number = {3},
  Pages = {221--235},
  Title = {Quantifying ecological memory in plant and ecosystem processes},
  Volume = {18},
  Year = {2015},
  Doi = {10.1111/ele.12399},
  Issn = {1461023X},
  Keywords = {18,2015,221,235,antecedent conditions,duction,ecology letters,forecasting,hierarchical bayesian model,lag effects,legacy effects,net primary pro-,soil respiration,stomatal conductance,time-series,tree growth,tree rings}
}


@Article{thomas2018,
  Author = {Thomas, R. Quinn and Jersild, Annika L. and Brooks, Evan B. and Thomas, Valerie A. and Wynne, Randolph H.},
  Journal = {Ecological Applications},
  Month = {sep},
  Number = {6},
  Pages = {1503--1519},
  Title = {A mid-century ecological forecast with partitioned uncertainty predicts increases in loblolly pine forest productivity},
  Volume = {28},
  Year = {2018},
  Doi = {10.1002/eap.1761},
  Issn = {10510761}
}


@Article{vandoren2018,
  Author = {{Van Doren}, Benjamin M. and Horton, Kyle G.},
  Journal = {Science},
  Month = {sep},
  Number = {6407},
  Pages = {1115--1118},
  Title = {A continental system for forecasting bird migration},
  Volume = {361},
  Year = {2018},
  Doi = {10.1126/science.aat7526},
  Issn = {0036-8075},
  Isbn = {9788190332163},
  Pmid = {30213913},
  Archiveprefix = {arXiv},
  Arxivid = {293092},
  Eprint = {293092}
}


@Article{petchey2015,
  Author = {Petchey, Owen L and Pontarp, Mikael and Massie, Thomas M and K{\'{e}}fi, Sonia and Ozgul, Arpat and Weilenmann, Maja and Palamara, Gian Marco and Altermatt, Florian and Matthews, Blake and Levine, Jonathan M and Childs, Dylan Z and McGill, Brian J. and Schaepman, Michael E and Schmid, Bernhard and Spaak, Piet and Beckerman, Andrew P and Pennekamp, Frank and Pearse, Ian S},
  Editor = {Vasseur, David},
  Journal = {Ecology Letters},
  Month = {jul},
  Number = {7},
  Pages = {597--611},
  Title = {The ecological forecast horizon, and examples of its uses and determinants},
  Volume = {18},
  Year = {2015},
  Doi = {10.1111/ele.12443},
  Issn = {1461023X},
  Keywords = {Dynamics,ecosystems,environmental change,forecasting,futures,prediction,scenarios},
  Isbn = {1461-0248},
  Pmid = {25960188}
}


@Article{Marchin2015,
  Author = {Marchin, Ren{\'{e}}e M. and Salk, Carl F. and Hoffmann, William A. and Dunn, Robert R.},
  Journal = {Global Change Biology},
  Month = {aug},
  Number = {8},
  Pages = {3138--3151},
  Title = {Temperature alone does not explain phenological variation of diverse temperate plants under experimental warming},
  Volume = {21},
  Year = {2015},
  Doi = {10.1111/gcb.12919},
  Issn = {13541013},
  Keywords = {Budburst,Climate change,Flowering,Growing season length,Leaf senescence,Phenology,Southeastern United States,Temperature sensitivity,Warming experiment},
  Isbn = {1365-2486},
  Pmid = {25736981}
}


@Article{dietze2018,
  Author = {Dietze, Michael C. and Fox, Andrew and Beck-Johnson, Lindsay M. and Betancourt, Julio L. and Hooten, Mevin B. and Jarnevich, Catherine S. and Keitt, Timothy H. and Kenney, Melissa A. and Laney, Christine M. and Larsen, Laurel G. and Loescher, Henry W. and Lunch, Claire K. and Pijanowski, Bryan C. and Randerson, James T. and Read, Emily K. and Tredennick, Andrew T. and Vargas, Rodrigo and Weathers, Kathleen C. and White, Ethan P.},
  Journal = {Proceedings of the National Academy of Sciences},
  Month = {feb},
  Number = {7},
  Pages = {1424--1432},
  Title = {Iterative near-term ecological forecasting: Needs, opportunities, and challenges},
  Volume = {115},
  Year = {2018},
  Doi = {10.1073/pnas.1710231115},
  Issn = {0027-8424}
}


@Article{carrillo2018,
  Author = {Carrillo, Carlos M. and Ault, Toby R. and Wilks, Daniel S.},
  Journal = {Journal of Geophysical Research: Atmospheres},
  Month = {jun},
  Number = {11},
  Pages = {5913--5926},
  Title = {Spring Onset Predictability in the North American Multimodel Ensemble},
  Volume = {123},
  Year = {2018},
  Doi = {10.1029/2018JD028597},
  Issn = {2169897X}
}


@Article{yan2019,
  Author = {Yan, D. and Scott, R.L. and Moore, D.J.P. and Biederman, J.A. and Smith, W.K.},
  Journal = {Remote Sensing of Environment},
  Month = {mar},
  Number = {March 2018},
  Pages = {50--62},
  Publisher = {Elsevier},
  Title = {Understanding the relationship between vegetation greenness and productivity across dryland ecosystems through the integration of PhenoCam, satellite, and eddy covariance data},
  Volume = {223},
  Year = {2019},
  Doi = {10.1016/j.rse.2018.12.029},
  Issn = {00344257},
  Keywords = {Drylands,Greenness indices,Gross primary productivity,Landsat,MODIS,PhenoCam}
}


@Article{chuine2017,
  Author = {Chuine, Isabelle and R{\'{e}}gni{\`{e}}re, Jacques},
  Journal = {Annual Review of Ecology, Evolution, and Systematics},
  Month = {nov},
  Number = {1},
  Pages = {159--182},
  Title = {Process-Based Models of Phenology for Plants and Animals},
  Volume = {48},
  Year = {2017},
  Doi = {10.1146/annurev-ecolsys-110316-022706},
  Issn = {1543-592X},
  Keywords = {annual cycle,diapause,dormancy,environmental control,extratropical species,parameter estimation,response functions}
}


@Article{taylor2020a,
  Author = {Taylor, Shawn D and White, Ethan P},
  Journal = {Ecological Applications},
  Month = {jan},
  Number = {1},
  Title = {Automated data‐intensive forecasting of plant phenology throughout the United States},
  Volume = {30},
  Year = {2020},
  Doi = {10.1002/eap.2025},
  Issn = {1051-0761}
}

@article{raftery2014,
author = {Raftery, Adrian E.},
doi = {10.1002/sam.11302},
isbn = {1932-1872},
issn = {19321864},
journal = {Statistical Analysis and Data Mining: The ASA Data Science Journal},
month = {dec},
number = {6},
pages = {397--410},
pmid = {21824845},
title = {{Use and communication of probabilistic forecasts}},
url = {http://doi.wiley.com/10.1002/sam.11302},
volume = {9},
year = {2016}
}


@Misc{npndata2018,
  Author = {{USA National Phenology Network}},
  Howpublished = {USA-NPN, Tucson, Arizona, USA. Data set accessed 05/09/2019 at {http://doi.org/10.5066/F78S4N1V}},
  Title = {Plant and Animal Phenology Data. Data type: Individual Phenometrics. 01/01/2018-12/31/2018 for Region: 49.9375, -66.4791667 (UR); 24.0625, -125.0208333 (LL).},
  Year = {2019},
}

@Misc{dplyr,
  Author = {Wickham, Hadley and Francois, Romain and Henry, Lionel and M{\"{u}}ller, Kirill},
  Title = {dplyr: A Grammar of Data Manipulation},
  Year = {2017},
  Url = {https://cran.r-project.org/package=dplyr}
}


@Misc{tidyr,
  Author = {Wickham, Hadley and Henry, Lionel},
  Title = {tidyr: Easily Tidy Data with 'spread()' and 'gather()' Functions},
  Year = {2018},
  Url = {https://cran.r-project.org/package=tidyr}
}

@Book{ggplot2,
  Author = {Wickham, Hadley},
  Publisher = {Springer-Verlag New York},
  Title = {ggplot2: Elegant Graphics for Data Analysis},
  Year = {2016},
  Isbn = {978-3-319-24277-4},
  Url = {http://ggplot2.org}
}

@Misc{rcitation,
  Address = {Vienna: R Foundation for Statistical Computing.},
  Author = {Team, R Core},
  Title = {R: a language and environment for statistical computing},
  Year = {2017}
}

@Misc{dask,
  Author = {{Dask Development Team}},
  Title = {Dask: Library for dynamic task scheduling},
  Year = {2016},
  Url = {https://dask.org}
}

@Book{numpy,
  Address = {Provo, UT},
  Author = {Oliphant, Travis},
  Howpublished = {USA: Trelgol Publishing},
  Publisher = {Trelgol Publishing},
  Title = {A guide to NumPy},
  Year = {2006}
}

@Inproceedings{pandas,
  Address = {Austin, Texas, USA},
  Author = {McKinney, Wes},
  Booktitle = {Proceedings of the 9th Python in Science Conference},
  Pages = {51--56},
  Publisher = {SciPy},
  Title = {Data Structures for Statistical Computing in Python},
  Year = {2010},
  Url = {http://conference.scipy.org/proceedings/scipy2010/mckinney.html}
}

@article{scipy2020,
author = {Virtanen, Pauli and Gommers, Ralf and Oliphant, Travis E. and Haberland, Matt and Reddy, Tyler and Cournapeau, David and Burovski, Evgeni and Peterson, Pearu and Weckesser, Warren and Bright, Jonathan and van der Walt, St{\'{e}}fan J. and Brett, Matthew and Wilson, Joshua and Millman, K. Jarrod and Mayorov, Nikolay and Nelson, Andrew R. J. and Jones, Eric and Kern, Robert and Larson, Eric and Carey, C J and Polat, Ilhan and Feng, Yu and Moore, Eric W. and VanderPlas, Jake and Laxalde, Denis and Perktold, Josef and Cimrman, Robert and Henriksen, Ian and Quintero, E. A. and Harris, Charles R. and Archibald, Anne M. and Ribeiro, Ant{\^{o}}nio H. and Pedregosa, Fabian and van Mulbregt, Paul},
doi = {10.1038/s41592-019-0686-2},
howpublished = {http://www.scipy.org},
issn = {1548-7091},
journal = {Nature Methods},
month = {mar},
number = {3},
pages = {261--272},
title = {{SciPy 1.0: fundamental algorithms for scientific computing in Python}},
url = {http://www.nature.com/articles/s41592-019-0686-2},
volume = {17},
year = {2020}
}

@Article{xarray,
  Author = {Hoyer, Stephan and Hamman, Joseph J.},
  Journal = {Journal of Open Research Software},
  Month = {apr},
  Title = {xarray: N-D labeled Arrays and Datasets in Python},
  Volume = {5},
  Year = {2017},
  Doi = {10.5334/jors.148},
  Issn = {2049-9647},
  Url = {http://openresearchsoftware.metajnl.com/articles/10.5334/jors.148/}
}

@Misc{prismR,
  Author = {Hart, Edmund M and Bell, Kendon},
  Howpublished = {http://github.com/ropensci/prism},
  Title = {prism: Download data from the Oregon prism project},
  Year = {2015},
  Doi = {10.5281/zenodo.33663},
  Url = {http://github.com/ropensci/prism}
}

@Article{lubridate,
  Author = {Grolemund, Garrett and Wickham, Hadley},
  Journal = {Journal of Statistical Software},
  Number = {3},
  Pages = {1--25},
  Title = {Dates and Times Made Easy with {\{}lubridate{\}}},
  Volume = {40},
  Year = {2011},
  Url = {http://www.jstatsoft.org/v40/i03/}
}

@Misc{python,
  Author = {{Python Software Foundation}},
  Howpublished = {http://www.python.org},
  Title = {Python Language Reference Manual, version 3.6},
  Year = {2003}
}