@Misc{ncl,
  Publisher = {Boulder, Colorado: UCAR/NCAR/CISL/TDD},
  Title = {The NCAR Command Language (Version 6.5.0)},
  Year = {2018},
  Doi = {10.5065/D6WD3XH5}
}


@Article{Abatzoglou2012,
  Author = {Abatzoglou, John T. and Brown, Timothy J.},
  Journal = {International Journal of Climatology},
  Month = {apr},
  Number = {5},
  Pages = {772--780},
  Title = {A comparison of statistical downscaling methods suited for wildfire applications},
  Volume = {32},
  Year = {2012},
  Doi = {10.1002/joc.2312},
  Isbn = {1097-0088},
  Issn = {08998418},
  Keywords = {Climate change,Downscaling,Wildfire,abatz2012},
  Url = {http://doi.wiley.com/10.1002/joc.2312}
}


@Article{basler2016,
  Author = {Basler, David},
  Journal = {Agricultural and Forest Meteorology},
  Month = {feb},
  Pages = {10--21},
  Publisher = {Elsevier B.V.},
  Title = {Evaluating phenological models for the prediction of leaf-out dates in six temperate tree species across central Europe},
  Volume = {217},
  Year = {2016},
  Doi = {10.1016/j.agrformet.2015.11.007},
  Isbn = {0168-1923},
  Issn = {01681923},
  Keywords = {Bud burst,Chilling,Photoperiod,Process-based,Spring phenology,Temperature},
  Url = {http://dx.doi.org/10.1016/j.agrformet.2015.11.007 http://linkinghub.elsevier.com/retrieve/pii/S0168192315007583}
}


@Article{wilson2016,
  Author = {Blischak, John D. and Davenport, Emily R. and Wilson, Greg},
  Editor = {Ouellette, Francis},
  Journal = {PLOS Computational Biology},
  Month = {jan},
  Number = {1},
  Pages = {e1004668},
  Title = {A Quick Introduction to Version Control with Git and GitHub},
  Volume = {12},
  Year = {2016},
  Doi = {10.1371/journal.pcbi.1004668},
  Issn = {1553-7358},
  Url = {http://dx.plos.org/10.1371/journal.pcbi.1004668}
}


@Article{boettiger2015,
  Author = {Boettiger, Carl},
  Journal = {ACM SIGOPS Operating Systems Review},
  Month = {jan},
  Number = {1},
  Pages = {71--79},
  Title = {An introduction to Docker for reproducible research},
  Volume = {49},
  Year = {2015},
  Doi = {10.1145/2723872.2723882},
  Issn = {01635980},
  Url = {http://dl.acm.org/citation.cfm?doid=2723872.2723882}
}


@Article{bryan2018,
  Author = {Bryan, Jennifer},
  Journal = {The American Statistician},
  Month = {jan},
  Number = {1},
  Pages = {20--27},
  Title = {Excuse Me, Do You Have a Moment to Talk About Version Control?},
  Volume = {72},
  Year = {2018},
  Doi = {10.1080/00031305.2017.1399928},
  Issn = {0003-1305},
  Url = {https://www.tandfonline.com/doi/full/10.1080/00031305.2017.1399928}
}


@Article{cannell1983,
  Author = {Cannell, M. G. R. and Smith, R. I.},
  Journal = {The Journal of Applied Ecology},
  Month = {dec},
  Number = {3},
  Pages = {951},
  Title = {Thermal Time, Chill Days and Prediction of Budburst in Picea sitchensis},
  Volume = {20},
  Year = {1983},
  Doi = {10.2307/2403139},
  Issn = {00218901},
  Url = {http://www.jstor.org/stable/2403139?origin=crossref}
}


@Article{carrillo2018,
  Author = {Carrillo, Carlos M. and Ault, Toby R. and Wilks, Daniel S.},
  Journal = {Journal of Geophysical Research: Atmospheres},
  Month = {jun},
  Number = {11},
  Pages = {5913--5926},
  Title = {Spring Onset Predictability in the North American Multimodel Ensemble},
  Volume = {123},
  Year = {2018},
  Doi = {10.1029/2018JD028597},
  Issn = {2169897X},
  Url = {http://doi.wiley.com/10.1029/2018JD028597}
}


@Article{chen2011,
  Author = {Chen, Yang and Randerson, James T and Morton, Douglas C and DeFries, R. S. and Collatz, G James and Kasibhatla, Prasad S and Giglio, Louis and Jin, Yufang and Marlier, Miriam E},
  Journal = {Science},
  Month = {nov},
  Number = {6057},
  Pages = {787--791},
  Title = {Forecasting Fire Season Severity in South America Using Sea Surface Temperature Anomalies},
  Volume = {334},
  Year = {2011},
  Doi = {10.1126/science.1209472},
  Issn = {0036-8075},
  Url = {http://www.sciencemag.org/cgi/doi/10.1126/science.1209472}
}


@Article{chuine2000,
  Author = {Chuine, Isabelle},
  Journal = {Journal of Theoretical Biology},
  Month = {dec},
  Number = {3},
  Pages = {337--347},
  Title = {A Unified Model for Budburst of Trees},
  Volume = {207},
  Year = {2000},
  Doi = {10.1006/jtbi.2000.2178},
  Isbn = {0022-5193},
  Issn = {00225193},
  Url = {http://linkinghub.elsevier.com/retrieve/pii/S0022519300921787},
  Pmid = {11082304}
}


@Incollection{chuine2013,
  Address = {Dordrecht},
  Author = {Chuine, Isabelle and de Cortazar-Atauri, I{\~{n}}aki Garcia and Kramer, Koen and H{\"{a}}nninen, Heikki},
  Booktitle = {Phenology: An Integrative Environmental Science},
  Editor = {Schwartz, Mark D.},
  Pages = {275--293},
  Publisher = {Springer Netherlands},
  Title = {Plant Development Models},
  Year = {2013},
  Doi = {10.1007/978-94-007-6925-0_15},
  Isbn = {9789400769250},
  Issn = {1095-5674},
  Url = {http://link.springer.com/10.1007/978-94-007-6925-0{\_}15},
  Pmid = {25246403},
  Archiveprefix = {arXiv},
  Arxivid = {arXiv:1011.1669v3},
  Eprint = {arXiv:1011.1669v3}
}


@Article{chuine2017,
  Author = {Chuine, Isabelle and R{\'{e}}gni{\`{e}}re, Jacques},
  Journal = {Annual Review of Ecology, Evolution, and Systematics},
  Month = {nov},
  Number = {1},
  Pages = {159--182},
  Title = {Process-Based Models of Phenology for Plants and Animals},
  Volume = {48},
  Year = {2017},
  Doi = {10.1146/annurev-ecolsys-110316-022706},
  Issn = {1543-592X},
  Keywords = {annual cycle,diapause,dormancy,environmental control,extratropical species,parameter estimation,response functions},
  Url = {http://www.annualreviews.org/doi/10.1146/annurev-ecolsys-110316-022706}
}


@Article{clark2014b,
  Author = {Clark, James S. and Salk, Carl and Melillo, Jerry and Mohan, Jacqueline},
  Editor = {Anten, Niels},
  Journal = {Functional Ecology},
  Month = {dec},
  Number = {6},
  Pages = {1344--1355},
  Title = {Tree phenology responses to winter chilling, spring warming, at north and south range limits},
  Volume = {28},
  Year = {2014},
  Doi = {10.1111/1365-2435.12309},
  Isbn = {1365-2435},
  Issn = {02698463},
  Keywords = {Degree-day models,Forests,Hidden Markov model,Phenology,Warming,need to read},
  Url = {http://doi.wiley.com/10.1111/1365-2435.12309}
}


@Article{cook2010,
  Author = {Cook, Benjamin I and Terando, Adam and Steiner, Allison},
  Journal = {Environmental Research Letters},
  Month = {oct},
  Number = {4},
  Pages = {044014},
  Title = {Ecological forecasting under climatic data uncertainty: a case study in phenological modeling},
  Volume = {5},
  Year = {2010},
  Doi = {10.1088/1748-9326/5/4/044014},
  Isbn = {1748-9326},
  Issn = {1748-9326},
  Keywords = {climate,ecology,forecasting 1.},
  Url = {http://stacks.iop.org/1748-9326/5/i=4/a=044014?key=crossref.6264c4be795a491c588d949225fad60c}
}


@Techreport{datasciencereport2017,
  Author = {CrowdFlower},
  Title = {2017 Data Scientist Report},
  Year = {2017},
  Keywords = {data science jobs},
  Url = {https://visit.figure-eight.com/rs/416-ZBE-142/images/CrowdFlower{\_}DataScienceReport.pdf}
}


@Article{mpi4py,
  Author = {Dalcin, Lisandro D. and Paz, Rodrigo R. and Kler, Pablo A. and Cosimo, Alejandro},
  Journal = {Advances in Water Resources},
  Month = {sep},
  Number = {9},
  Pages = {1124--1139},
  Title = {Parallel distributed computing using Python},
  Volume = {34},
  Year = {2011},
  Doi = {10.1016/j.advwatres.2011.04.013},
  Issn = {03091708},
  Url = {http://linkinghub.elsevier.com/retrieve/pii/S0309170811000777}
}


@Article{taylor2018a,
  Author = {Taylor, Shawn D.},
  Journal = {Journal of Open Source Software},
  Month = {aug},
  Number = {28},
  Pages = {827},
  Title = {pyPhenology: A python framework for plant phenology modelling},
  Volume = {3},
  Year = {2018},
  Doi = {10.21105/joss.00827},
  Issn = {2475-9066},
  Url = {http://joss.theoj.org/papers/10.21105/joss.00827}
}


@Article{denny2014,
  Author = {Denny, Ellen G. and Gerst, Katharine L. and Miller-Rushing, Abraham J. and Tierney, Geraldine L. and Crimmins, Theresa M. and Enquist, Carolyn A. F. and Guertin, Patricia and Rosemartin, Alyssa H. and Schwartz, Mark D. and Thomas, Kathryn A. and Weltzin, Jake F.},
  Journal = {International Journal of Biometeorology},
  Month = {may},
  Number = {4},
  Pages = {591--601},
  Title = {Standardized phenology monitoring methods to track plant and animal activity for science and resource management applications},
  Volume = {58},
  Year = {2014},
  Doi = {10.1007/s00484-014-0789-5},
  Issn = {0020-7128},
  Url = {http://link.springer.com/10.1007/s00484-014-0789-5}
}


@Article{dietze2017,
  Author = {Dietze, Michael C.},
  Journal = {Ecological Applications},
  Month = {oct},
  Number = {7},
  Pages = {2048--2060},
  Title = {Prediction in ecology: a first-principles framework},
  Volume = {27},
  Year = {2017},
  Doi = {10.1002/eap.1589},
  Issn = {10510761},
  Keywords = {ecological forecasting,endogenous,exogenous,net ecosystem exchange,parameter,process error,random effects,scale,stability,uncertainty},
  Url = {http://doi.wiley.com/10.1002/eap.1589}
}


@Article{dietze2018,
  Author = {Dietze, Michael C. and Fox, Andrew and Beck-Johnson, Lindsay M. and Betancourt, Julio L. and Hooten, Mevin B. and Jarnevich, Catherine S. and Keitt, Timothy H. and Kenney, Melissa A. and Laney, Christine M. and Larsen, Laurel G. and Loescher, Henry W. and Lunch, Claire K. and Pijanowski, Bryan C. and Randerson, James T. and Read, Emily K. and Tredennick, Andrew T. and Vargas, Rodrigo and Weathers, Kathleen C. and White, Ethan P.},
  Journal = {Proceedings of the National Academy of Sciences},
  Month = {feb},
  Number = {7},
  Pages = {1424--1432},
  Title = {Iterative near-term ecological forecasting: Needs, opportunities, and challenges},
  Volume = {115},
  Year = {2018},
  Doi = {10.1073/pnas.1710231115},
  Issn = {0027-8424},
  Url = {http://www.pnas.org/lookup/doi/10.1073/pnas.1710231115}
}


@Article{diez2012,
  Author = {Diez, Jeffrey M. and Ib{\'{a}}{\~{n}}ez, In{\'{e}}s and Miller-Rushing, Abraham J. and Mazer, Susan J. and Crimmins, Theresa M. and Crimmins, Michael A. and Bertelsen, C. David and Inouye, David W.},
  Journal = {Ecology Letters},
  Month = {jun},
  Number = {6},
  Pages = {545--553},
  Title = {Forecasting phenology: from species variability to community patterns},
  Volume = {15},
  Year = {2012},
  Doi = {10.1111/j.1461-0248.2012.01765.x},
  Issn = {1461023X},
  Url = {http://doi.wiley.com/10.1111/j.1461-0248.2012.01765.x}
}


@Article{dormann2018,
  Author = {Dormann, Carsten F. and Calabrese, Justin M. and Guillera-Arroita, Gurutzeta and Matechou, Eleni and Bahn, Volker and Barto{\'{n}}, Kamil and Beale, Colin M. and Ciuti, Simone and Elith, Jane and Gerstner, Katharina and Guelat, J{\'{e}}r{\^{o}}me and Keil, Petr and Lahoz-Monfort, Jos{\'{e}} J. and Pollock, Laura J. and Reineking, Bj{\"{o}}rn and Roberts, David R. and Schr{\"{o}}der, Boris and Thuiller, Wilfried and Warton, David I. and Wintle, Brendan A. and Wood, Simon N. and W{\"{u}}est, Rafael O. and Hartig, Florian},
  Journal = {Ecological Monographs},
  Month = {jun},
  Number = {0},
  Pages = {1--20},
  Title = {Model averaging in ecology: a review of Bayesian, information-theoretic, and tactical approaches for predictive inference},
  Volume = {0},
  Year = {2018},
  Doi = {10.1002/ecm.1309},
  Issn = {00129615},
  Keywords = {aic weights,averaging,ensemble,model averaging,model combination,nominal coverage,prediction,uncertainty},
  Url = {http://doi.wiley.com/10.1002/ecm.1309}
}


@Misc{python,
  Author = {Foundation, Python Software},
  Howpublished = {http://www.python.org},
  Title = {Python Language Reference Manual, version 3.6},
  Year = {2003}
}


@Article{fowler2007,
  Author = {Fowler, H. J. and Blenkinsop, S. and Tebaldi, C.},
  Journal = {International Journal of Climatology},
  Month = {oct},
  Number = {12},
  Pages = {1547--1578},
  Title = {Linking climate change modelling to impacts studies: recent advances in downscaling techniques for hydrological modelling},
  Volume = {27},
  Year = {2007},
  Doi = {10.1002/joc.1556},
  Issn = {08998418},
  Url = {http://doi.wiley.com/10.1002/joc.1556}
}


@Article{lubridate,
  Author = {Grolemund, Garrett and Wickham, Hadley},
  Journal = {Journal of Statistical Software},
  Number = {3},
  Pages = {1--25},
  Title = {Dates and Times Made Easy with {\{}lubridate{\}}},
  Volume = {40},
  Year = {2011},
  Url = {http://www.jstatsoft.org/v40/i03/}
}


@Misc{prismdata,
  Author = {{PRISM Climate Group}},
  Howpublished = {http://prism.oregonstate.edu},
  Publisher = {Oregon State University},
  Title = {Oregon State University},
  Year = {2004},
  Url = {http://prism.oregonsate.edu}
}


@Article{hampton2017,
  Author = {Hampton, Stephanie E. and Jones, Matthew B. and Wasser, Leah A. and Schildhauer, Mark P. and Supp, Sarah R. and Brun, Julien and Hernandez, Rebecca R. and Boettiger, Carl and Collins, Scott L. and Gross, Louis J. and Fern{\'{a}}ndez, Denny S. and Budden, Amber and White, Ethan P. and Teal, Tracy K. and Labou, Stephanie G. and Aukema, Juliann E.},
  Journal = {BioScience},
  Month = {jun},
  Number = {6},
  Pages = {546--557},
  Title = {Skills and Knowledge for Data-Intensive Environmental Research},
  Volume = {67},
  Year = {2017},
  Doi = {10.1093/biosci/bix025},
  Issn = {0006-3568},
  Keywords = {computing,data management,ecology,informatics,workforce development},
  Url = {https://academic.oup.com/bioscience/article/67/6/546/3784601},
  Pmid = {15726540}
}


@Misc{prismR,
  Author = {Hart, Edmund M and Bell, Kendon},
  Howpublished = {http://github.com/ropensci/prism},
  Title = {prism: Download data from the Oregon prism project},
  Year = {2015},
  Doi = {10.5281/zenodo.33663},
  Url = {http://github.com/ropensci/prism}
}


@Misc{rasterR,
  Author = {Hijmans, Robert J.},
  Howpublished = {https://CRAN.R-project.org/package=raster},
  Title = {raster: Geographic data analysis and modeling. R package version 2.6-7},
  Year = {2017}
}


@Misc{hoyer2015,
  Author = {Hoyer, Stephan},
  Title = {xray + dask: out-of-core, labeled arrays in Python},
  Year = {2015},
  Url = {http://stephanhoyer.com/2015/06/11/xray-dask-out-of-core-labeled-arrays/},
  Urldate = {2018-11-20}
}


@Article{xarray,
  Author = {Hoyer, Stephan and Hamman, Joseph J.},
  Journal = {Journal of Open Research Software},
  Month = {apr},
  Title = {xarray: N-D labeled Arrays and Datasets in Python},
  Volume = {5},
  Year = {2017},
  Doi = {10.5334/jors.148},
  Issn = {2049-9647},
  Url = {http://openresearchsoftware.metajnl.com/articles/10.5334/jors.148/}
}


@Article{hunter1992,
  Author = {Hunter, Alison F and Lechowicz, Martin J},
  Journal = {The Journal of Applied Ecology},
  Number = {3},
  Pages = {597},
  Title = {Predicting the Timing of Budburst in Temperate Trees},
  Volume = {29},
  Year = {1992},
  Doi = {10.2307/2404467},
  Issn = {00218901},
  Url = {https://www.jstor.org/stable/2404467?origin=crossref}
}


@Misc{scipy,
  Author = {Jones, Eric and Oliphant, Travis and Peterson, Pearu and Others},
  Howpublished = {http://www.scipy.org},
  Title = {SciPy: Open Source Scientific Tools for Python},
  Year = {2001}
}


@Article{luo2011,
  Author = {Luo, Yiqi and Ogle, Kiona and Tucker, Colin and Fei, Shenfeng and Gao, Chao and LaDeau, Shannon and Clark, James S. and Schimel, David S.},
  Journal = {Ecological Applications},
  Month = {jul},
  Number = {5},
  Pages = {1429--1442},
  Title = {Ecological forecasting and data assimilation in a data-rich era},
  Volume = {21},
  Year = {2011},
  Doi = {10.1890/09-1275.1},
  Issn = {1051-0761},
  Url = {http://doi.wiley.com/10.1890/09-1275.1}
}


@Inproceedings{pandas,
  Address = {Austin, Texas, USA},
  Author = {McKinney, Wes},
  Booktitle = {Proceedings of the 9th Python in Science Conference},
  Pages = {51--56},
  Publisher = {SciPy},
  Title = {Data Structures for Statistical Computing in Python},
  Year = {2010},
  Url = {http://conference.scipy.org/proceedings/scipy2010/mckinney.html}
}


@Article{ogilvie2017b,
  Author = {Ogilvie, Jane E and Griffin, Sean R and Gezon, Zachariah J and Inouye, Brian D. and Underwood, Nora and Inouye, David W. and Irwin, Rebecca E.},
  Editor = {Bourke, Andrew},
  Journal = {Ecology Letters},
  Month = {dec},
  Number = {12},
  Pages = {1507--1515},
  Title = {Interannual bumble bee abundance is driven by indirect climate effects on floral resource phenology},
  Volume = {20},
  Year = {2017},
  Doi = {10.1111/ele.12854},
  Issn = {1461023X},
  Url = {http://doi.wiley.com/10.1111/ele.12854}
}


@Book{numpy,
  Address = {Provo, UT},
  Author = {Oliphant, Travis},
  Howpublished = {USA: Trelgol Publishing},
  Publisher = {Trelgol Publishing},
  Title = {A guide to NumPy},
  Year = {2006}
}


@Article{sp1,
  Author = {Pebesma, Edzer J and Bivand, Roger S},
  Journal = {R News},
  Month = {nov},
  Number = {2},
  Pages = {9--13},
  Title = {Classes and methods for spatial data in {\{}R{\}}},
  Volume = {5},
  Year = {2005},
  Url = {https://cran.r-project.org/doc/Rnews/}
}


@Article{petchey2015,
  Author = {Petchey, Owen L and Pontarp, Mikael and Massie, Thomas M and K{\'{e}}fi, Sonia and Ozgul, Arpat and Weilenmann, Maja and Palamara, Gian Marco and Altermatt, Florian and Matthews, Blake and Levine, Jonathan M and Childs, Dylan Z and McGill, Brian J. and Schaepman, Michael E and Schmid, Bernhard and Spaak, Piet and Beckerman, Andrew P and Pennekamp, Frank and Pearse, Ian S},
  Editor = {Vasseur, David},
  Journal = {Ecology Letters},
  Month = {jul},
  Number = {7},
  Pages = {597--611},
  Title = {The ecological forecast horizon, and examples of its uses and determinants},
  Volume = {18},
  Year = {2015},
  Doi = {10.1111/ele.12443},
  Isbn = {1461-0248},
  Issn = {1461023X},
  Keywords = {Dynamics,ecosystems,environmental change,forecasting,futures,prediction,scenarios},
  Url = {http://doi.wiley.com/10.1111/ele.12443},
  Pmid = {25960188}
}


@Misc{ncdf4,
  Author = {Pierce, David},
  Title = {{}ncdf4: Interface to Unidata netCDF (Version 4 or Earlier) Format Data Files{\}}},
  Year = {2017}
}


@Article{ram2013,
  Author = {Ram, Karthik},
  Journal = {Source Code for Biology and Medicine},
  Number = {1},
  Pages = {7},
  Title = {Git can facilitate greater reproducibility and increased transparency in science},
  Volume = {8},
  Year = {2013},
  Doi = {10.1186/1751-0473-8-7},
  Issn = {1751-0473},
  Url = {http://scfbm.biomedcentral.com/articles/10.1186/1751-0473-8-7}
}


@Article{reaumur1735,
  Author = {R{\'{e}}aumur, R.A.F.},
  Journal = {Mem Paris Acad Sci},
  Pages = {545--576},
  Title = {Observations du thermom{\`{e}}tres, faites a Paris pendant l'ann{\'{e}}e 1735, compar{\'{e}}es avec celles qui ont {\'{e}}t{\'{e}} faites sous la ligne, a l'isle de France, a Alger et quelques unes de nos isles de l'Am{\'{e}}rique},
  Volume = {1735},
  Year = {1735}
}


@Article{richardson2012,
  Author = {Richardson, Andrew D. and Anderson, Ryan S. and Arain, M. Altaf and Barr, Alan G. and Bohrer, Gil and Chen, Guangsheng and Chen, Jing M. and Ciais, Philippe and Davis, Kenneth J. and Desai, Ankur R. and Dietze, Michael C. and Dragoni, Danilo and Garrity, Steven R. and Gough, Christopher M. and Grant, Robert and Hollinger, David Y. and Margolis, Hank A. and McCaughey, Harry and Migliavacca, Mirco and Monson, Russell K. and Munger, J. William and Poulter, Benjamin and Raczka, Brett M. and Ricciuto, Daniel M. and Sahoo, Alok K. and Schaefer, Kevin and Tian, Hanqin and Vargas, Rodrigo and Verbeeck, Hans and Xiao, Jingfeng and Xue, Yongkang},
  Journal = {Global Change Biology},
  Month = {feb},
  Number = {2},
  Pages = {566--584},
  Title = {Terrestrial biosphere models need better representation of vegetation phenology: results from the North American Carbon Program Site Synthesis},
  Volume = {18},
  Year = {2012},
  Doi = {10.1111/j.1365-2486.2011.02562.x},
  Issn = {13541013},
  Url = {http://doi.wiley.com/10.1111/j.1365-2486.2011.02562.x}
}


@Article{saha2010,
  Author = {Saha, Suranjana and Moorthi, Shrinivas and Pan, Hua-Lu and Wu, Xingren and Wang, Jiande and Nadiga, Sudhir and Tripp, Patrick and Kistler, Robert and Woollen, John and Behringer, David and Liu, Haixia and Stokes, Diane and Grumbine, Robert and Gayno, George and Wang, Jun and Hou, Yu-Tai and Chuang, Hui-ya and Juang, Hann-Ming H. and Sela, Joe and Iredell, Mark and Treadon, Russ and Kleist, Daryl and {Van Delst}, Paul and Keyser, Dennis and Derber, John and Ek, Michael and Meng, Jesse and Wei, Helin and Yang, Rongqian and Lord, Stephen and van den Dool, Huug and Kumar, Arun and Wang, Wanqiu and Long, Craig and Chelliah, Muthuvel and Xue, Yan and Huang, Boyin and Schemm, Jae-Kyung and Ebisuzaki, Wesley and Lin, Roger and Xie, Pingping and Chen, Mingyue and Zhou, Shuntai and Higgins, Wayne and Zou, Cheng-Zhi and Liu, Quanhua and Chen, Yong and Han, Yong and Cucurull, Lidia and Reynolds, Richard W. and Rutledge, Glenn and Goldberg, Mitch},
  Journal = {Bulletin of the American Meteorological Society},
  Month = {aug},
  Number = {8},
  Pages = {1015--1058},
  Title = {The NCEP Climate Forecast System Reanalysis},
  Volume = {91},
  Year = {2010},
  Doi = {10.1175/2010BAMS3001.1},
  Issn = {0003-0007},
  Url = {http://journals.ametsoc.org/doi/10.1175/2010BAMS3001.1}
}


@Article{saha2014,
  Author = {Saha, Suranjana and Moorthi, Shrinivas and Wu, Xingren and Wang, Jiande and Nadiga, Sudhir and Tripp, Patrick and Behringer, David and Hou, Yu-Tai and Chuang, Hui-ya and Iredell, Mark and Ek, Michael and Meng, Jesse and Yang, Rongqian and Mendez, Malaqu{\'{i}}as Pe{\~{n}}a and van den Dool, Huug and Zhang, Qin and Wang, Wanqiu and Chen, Mingyue and Becker, Emily},
  Journal = {Journal of Climate},
  Month = {mar},
  Number = {6},
  Pages = {2185--2208},
  Title = {The NCEP Climate Forecast System Version 2},
  Volume = {27},
  Year = {2014},
  Doi = {10.1175/JCLI-D-12-00823.1},
  Issn = {0894-8755},
  Url = {http://journals.ametsoc.org/doi/abs/10.1175/JCLI-D-12-00823.1}
}


@Article{npncitation,
  Author = {Schwartz, Mark D and Betancourt, Julio L and Weltzin, Jake F},
  Journal = {Frontiers in Ecology and the Environment},
  Month = {aug},
  Number = {6},
  Pages = {324--327},
  Title = {From Caprio's lilacs to the USA National Phenology Network},
  Volume = {10},
  Year = {2012},
  Doi = {10.1890/110281},
  Issn = {1540-9295},
  Url = {http://doi.wiley.com/10.1890/110281}
}


@Article{stoner2013,
  Author = {Stoner, Anne M K and Hayhoe, Katharine and Yang, Xiaohui and Wuebbles, Donald J.},
  Journal = {International Journal of Climatology},
  Month = {sep},
  Number = {11},
  Pages = {2473--2494},
  Title = {An asynchronous regional regression model for statistical downscaling of daily climate variables},
  Volume = {33},
  Year = {2013},
  Doi = {10.1002/joc.3603},
  Isbn = {1097-0088},
  Issn = {08998418},
  Keywords = {Climate,Precipitation,Quantile regression,Statistical downscaling,Temperature},
  Url = {http://doi.wiley.com/10.1002/joc.3603}
}


@Article{tang2016,
  Author = {Tang, Jianwu and K{\"{o}}rner, Christian and Muraoka, Hiroyuki and Piao, Shilong and Shen, Miaogen and Thackeray, Stephen J. and Yang, Xi},
  Journal = {Ecosphere},
  Month = {aug},
  Number = {8},
  Pages = {e01436},
  Title = {Emerging opportunities and challenges in phenology: a review},
  Volume = {7},
  Year = {2016},
  Doi = {10.1002/ecs2.1436},
  Issn = {21508925},
  Url = {http://doi.wiley.com/10.1002/ecs2.1436}
}


@Article{taylor2018b,
  Author = {Taylor, Shawn D and Meiners, Joan M and Riemer, Kristina and Orr, Michael C and White, Ethan P},
  Journal = {Ecology},
  Month = {feb},
  Number = {2},
  Pages = {e02568},
  Title = {Comparison of large-scale citizen science data and long-term study data for phenology modeling},
  Volume = {100},
  Year = {2019},
  Doi = {10.1002/ecy.2568},
  Issn = {00129658},
  Url = {http://doi.wiley.com/10.1002/ecy.2568}
}


@Misc{rcitation,
  Address = {Vienna: R Foundation for Statistical Computing.},
  Author = {Team, R Core},
  Title = {R: a language and environment for statistical computing},
  Year = {2017}
}


@Misc{dask,
  Author = {{Dask Development Team}},
  Title = {Dask: Library for dynamic task scheduling},
  Year = {2016},
  Url = {https://dask.org}
}


@Article{vandoren2018,
  Author = {{Van Doren}, Benjamin M. and Horton, Kyle G.},
  Journal = {Science},
  Month = {sep},
  Number = {6407},
  Pages = {1115--1118},
  Title = {A continental system for forecasting bird migration},
  Volume = {361},
  Year = {2018},
  Doi = {10.1126/science.aat7526},
  Isbn = {9788190332163},
  Issn = {0036-8075},
  Url = {http://www.sciencemag.org/lookup/doi/10.1126/science.aat7526},
  Pmid = {30213913},
  Archiveprefix = {arXiv},
  Arxivid = {293092},
  Eprint = {293092}
}


@Article{wang1960,
  Author = {Wang, Jen Yu},
  Journal = {Ecology},
  Month = {oct},
  Number = {4},
  Pages = {785--790},
  Title = {A Critique of the Heat Unit Approach to Plant Response Studies},
  Volume = {41},
  Year = {1960},
  Doi = {10.2307/1931815},
  Issn = {00129658},
  Url = {http://doi.wiley.com/10.2307/1931815}
}


@Article{weisheimer2014,
  Author = {Weisheimer, A. and Palmer, T. N.},
  Journal = {Journal of The Royal Society Interface},
  Month = {apr},
  Number = {96},
  Pages = {20131162--20131162},
  Title = {On the reliability of seasonal climate forecasts},
  Volume = {11},
  Year = {2014},
  Doi = {10.1098/rsif.2013.1162},
  Issn = {1742-5689},
  Url = {http://rsif.royalsocietypublishing.org/cgi/doi/10.1098/rsif.2013.1162}
}


@Article{welch2019,
  Author = {Welch, Heather and Hazen, Elliott L. and Bograd, Steven J. and Jacox, Michael G. and Brodie, Stephanie and Robinson, Dale and Scales, Kylie L. and Dewitt, Lynn and Lewison, Rebecca},
  Editor = {Smith, Annabel},
  Journal = {Journal of Applied Ecology},
  Month = {feb},
  Number = {2},
  Pages = {459--469},
  Title = {Practical considerations for operationalizing dynamic management tools},
  Volume = {56},
  Year = {2019},
  Doi = {10.1111/1365-2664.13281},
  Issn = {00218901},
  Url = {http://doi.wiley.com/10.1111/1365-2664.13281}
}


@Article{white2018,
  Author = {White, Ethan P. and Yenni, Glenda M. and Taylor, Shawn D. and Christensen, Erica M. and Bledsoe, Ellen K. and Simonis, Juniper L. and {Morgan Ernest}, S. K.},
  Journal = {Methods in Ecology and Evolution},
  Month = {oct},
  Title = {Developing an automated iterative near-term forecasting system for an ecological study},
  Year = {2018},
  Doi = {10.1111/2041-210X.13104},
  Issn = {2041210X},
  Url = {http://doi.wiley.com/10.1111/2041-210X.13104}
}


@Book{ggplot2,
  Author = {Wickham, Hadley},
  Publisher = {Springer-Verlag New York},
  Title = {ggplot2: Elegant Graphics for Data Analysis},
  Year = {2016},
  Isbn = {978-3-319-24277-4},
  Url = {http://ggplot2.org}
}


@Misc{dplyr,
  Author = {Wickham, Hadley and Francois, Romain and Henry, Lionel and M{\"{u}}ller, Kirill},
  Title = {dplyr: A Grammar of Data Manipulation},
  Year = {2017},
  Url = {https://cran.r-project.org/package=dplyr}
}


@Misc{tidyr,
  Author = {Wickham, Hadley and Henry, Lionel},
  Title = {tidyr: Easily Tidy Data with 'spread()' and 'gather()' Functions},
  Year = {2018},
  Url = {https://cran.r-project.org/package=tidyr}
}


@Article{wilson2014,
  Author = {Wilson, Greg and Aruliah, D. A. and Brown, C. Titus and {Chue Hong}, Neil P. and Davis, Matt and Guy, Richard T. and Haddock, Steven H. D. and Huff, Kathryn D. and Mitchell, Ian M. and Plumbley, Mark D. and Waugh, Ben and White, Ethan P. and Wilson, Paul},
  Editor = {Eisen, Jonathan A.},
  Journal = {PLoS Biology},
  Month = {jan},
  Number = {1},
  Pages = {e1001745},
  Title = {Best Practices for Scientific Computing},
  Volume = {12},
  Year = {2014},
  Doi = {10.1371/journal.pbio.1001745},
  Issn = {1545-7885},
  Url = {https://dx.plos.org/10.1371/journal.pbio.1001745}
}


@Article{yenni2019,
  Author = {Yenni, Glenda M. and Christensen, Erica M. and Bledsoe, Ellen K. and Supp, Sarah R. and Diaz, Renata M. and White, Ethan P. and Ernest, S. K. Morgan},
  Journal = {PLOS Biology},
  Month = {jan},
  Number = {1},
  Pages = {e3000125},
  Title = {Developing a modern data workflow for regularly updated data},
  Volume = {17},
  Year = {2019},
  Doi = {10.1371/journal.pbio.3000125},
  Issn = {1545-7885},
  Url = {http://dx.plos.org/10.1371/journal.pbio.3000125}
}


@Article{yun2017,
  Author = {Yun, Kyungdahm and Hsiao, Jennifer and Jung, Myung-Pyo and Choi, In-Tae and Glenn, D. Michael and Shim, Kyo-Moon and Kim, Soo-Hyung},
  Journal = {Ecological Modelling},
  Pages = {54--64},
  Publisher = {Elsevier B.V.},
  Title = {Can a multi-model ensemble improve phenology predictions for climate change studies?},
  Volume = {362},
  Year = {2017},
  Doi = {10.1016/j.ecolmodel.2017.08.003},
  Issn = {03043800},
  Url = {http://linkinghub.elsevier.com/retrieve/pii/S0304380017303563}
}

@Misc{npndata2017,
  Author = {{USA National Phenology Network}},
  Howpublished = {USA-NPN, Tucson, Arizona, USA. Data set accessed 07/08/2018 at \url{http://doi.org/10.5066/F78S4N1V}},
  Title = {Plant and Animal Phenology Data. Data type: Individual Phenometrics. 01/01/2008-12/31/2017 for Region: 49.9375°, -66.4791667° (UR); 24.0625°, -125.0208333° (LL).},
  Year = {2018},
}

@Misc{npndata2019,
  Author = {{USA National Phenology Network}},
  Howpublished = {USA-NPN, Tucson, Arizona, USA. Data set accessed 05/09/2019 at \url{http://doi.org/10.5066/F78S4N1V}},
  Title = {Plant and Animal Phenology Data. Data type: Individual Phenometrics. 01/01/2019-05/08/2019 for Region: 49.9375°, -66.4791667° (UR); 24.0625°, -125.0208333° (LL).},
  Year = {2019},
}
